Automatically generated by Mendeley Desktop 1.12.3
Any changes to this file will be lost if it is regenerated by Mendeley.

BibTeX export options can be customized via Preferences -> BibTeX in Mendeley Desktop

@misc{Data.go,
author = {Data.gov.uk},
title = {{Latest apps}},
url = {http://data.gov.uk/apps},
urldate = {10/11/2014}
}
@misc{OpenKnowledge,
author = {{Open Knowledge}},
title = {{The Open Definition}},
url = {http://opendefinition.org/},
urldate = {10/11/2014}
}
@book{Dawson2009,
author = {Dawson, Christian W},
edition = {2nd},
file = {:Users/Dave/University/Final Year/Project/Projects-in-Computing-and-Information-Systems-A-Studentâ€™s-Guide-2nd-Edition-April-2009.pdf:pdf},
isbn = {9780273721314},
pages = {59--86},
publisher = {Addison Wesley},
title = {{Projects in Computing and Information Systems}},
year = {2009}
}
@article{Shadbolt2012,
abstract = {A project to extract value from open government data contributes to the population of the linked data Web with high-value data of good provenance.},
author = {Shadbolt, Nigel and O'Hara, Kieron and Berners-Lee, Tim and Gibbins, Nicholas and Glaser, Hugh and Hall, Wendy and Schraefel, M. C.},
doi = {10.1109/MIS.2012.23},
file = {:Users/Dave/Library/Application Support/Mendeley Desktop/Downloaded/Shadbolt et al. - 2012 - Linked open government data Lessons from data.gov.uk.pdf:pdf},
isbn = {15411672},
issn = {15411672},
journal = {IEEE Intelligent Systems},
keywords = {EnAKTing,OGD,PSI,linked data,open data,public sector information},
pages = {16--24},
title = {{Linked open government data: Lessons from data.gov.uk}},
volume = {27},
year = {2012}
}
@article{Bizer2009,
author = {Bizer, Christian and Heath, T and Berners-Lee, T},
file = {:Users/Dave/Library/Application Support/Mendeley Desktop/Downloaded/Bizer, Heath, Berners-Lee - 2009 - Linked data-the story so far.pdf:pdf},
journal = {International journal on \ldots},
keywords = {data exploration,data sharing,linked data,semantic web,web of data},
title = {{Linked data-the story so far}},
url = {http://eprints.soton.ac.uk/271285/},
year = {2009}
}
@misc{DeloitteAnalytics2012,
author = {{Deloitte Analytics} and Shadbolt, Nigel},
booktitle = {Deloitte Analytics},
file = {:Users/Dave/Downloads/uk-insights-deloitte-analytics-open-data-june-2012.pdf:pdf},
month = jun,
title = {{Open data: Driving growth , ingenuity and innovation}},
url = {https://www.deloitte.com/assets/Dcom-UnitedKingdom/Local Assets/Documents/Market insights/Deloitte Analytics/uk-insights-deloitte-analytics-open-data-june-2012.pdf},
year = {2012}
}
@misc{CabinetOffice2013,
abstract = {Charter on open data signed by G8 leaders to promote transparency, innovation and accountability.},
author = {{Cabinet Office}},
file = {:Users/Dave/Downloads/Open\_Data\_Charter.pdf:pdf},
number = {June},
title = {{G8 Open Data Charter and Technical Annex}},
url = {https://www.gov.uk/government/publications/open-data-charter/g8-open-data-charter-and-technical-annex},
year = {2013}
}
@article{Bohm2012,
author = {B\"{o}hm, Christoph and Freitag, Markus and Heise, Arvid},
file = {:Users/Dave/Library/Application Support/Mendeley Desktop/Downloaded/B\"{o}hm, Freitag, Heise - 2012 - GovWILD integrating open government data for transparency.pdf:pdf},
isbn = {9781450312301},
journal = {Proceedings of the 21st \ldots},
keywords = {government data integration,linked open data},
pages = {321--324},
title = {{GovWILD: integrating open government data for transparency}},
url = {http://dl.acm.org/citation.cfm?id=2188039},
year = {2012}
}
